ISA*00*          *00*          *ZZ*123456789      *ZZ*987654321      *140401*0820*^*00501*000000195*0*P*:~GS*HP*123456789*987654321*20140401*0820*278*X*005010X221A1~ST*835*35681~BPR*I*132*C*CHK************20140331~TRN*1*12345*1512345678~REF*EV*CLEARINGHOUSE~N1*PR*DELTA DENTAL OF ABC~N3*225 MAIN STREET~N4*CENTERVILLE*PA*17111~PER*BL*JANE DOE*TE*9005555555~N1*PE*BAN DDS LLC*FI*999994703~LX*1~CLP*7722337*1*226*132**12*119932404007801~NM1*QC*1*DOE*SALLY****MI*SJD11111~NM1*82*1*BAN*ERIN****XX*1811901945~AMT*AU*132~SVC*AD:D0120*46*25~DTM*472*20140324~CAS*CO*131*21~AMT*B6*25~SVC*AD:D0220*25*14~DTM*472*20140324~CAS*CO*131*11~AMT*B6*14~SVC*AD:D0230*22*10~DTM*472*20140324~CAS*CO*131*12~AMT*B6*10~SVC*AD:D0274*60*34~DTM*472*20140324~CAS*CO*131*26~AMT*B6*34~SVC*AD:D1110*73*49~DTM*472*20140324~CAS*CO*131*24~AMT*B6*49~SE*35*35681~GE*1*278~IEA*1*000000195~
