ISA*00*          *00*          *ZZ*123456789012345*ZZ*123456789012346*080503*1705*>*00501*000010216*0*T*:~GS*RA*1234567890*1234567890*20080503*1705*20213*X*005010X218~ST*820*0001*005010X218~BPR*C*255*C*ACH*CTX*01*999999992*DA*12345678*1345678901**01*199999999*DA*98765*20071103~TRN*1*78905*1345678901~REF*14*0011001~N1*PE*BATA INSURANCE CO.*FI*012222222~N1*PR*ALFA MEDAL CO*FI*123456789~ENT*1*2J*34*030440099~NM1*EY*1*DOE*JOHN****EI*777222~RMR*IG*555666**30~RMR*IG*555667**35~ENT*2*2J*34*029500563~NM1*EY*1*FIRSTONE*EMILY****EI*777333~RMR*IG*555777**45~ENT*3*2J*34*029480664~NM1*EY*1*MIDDLEONE*JULIE****EI*777444~RMR*IG*544477**50~ENT*4*2J*34*030498099~NM1*EY*1*NEWONE*KELLY****EI*777111~RMR*IG*551166**45~RMR*IG*558766**50~SE*21*0001~GE*1*20213~IEA*1*000010216~