ISA*00*          *00*          *ZZ*123456789012345*ZZ*123456789012346*080503*1705*>*00501*000010216*0*T*:~GS*RA*1234567890*1234567890*20080503*1705*20213*X*005010X218~ST*820*0002*005010X218~BPR*U*20000*C*ACH*CCP*01*934257813*DA*1234587*1231555555**01*025677833*DA*99887766*20070620~TRN*3*12345*1231555555~REF*14*673001~REF*2F*0004369123~N1*PE*DEF HEALTHCARE CO*FI*998216353~N1*PR*ABC PLASTICS*FI*1231555555~ENT*1*2L*FI*000057811~RMR*IK*0004369123*PI*20000~IT1*1~SLN*1**O*100*IE~SLN*2**O*75*PR~SLN*3**O*125*10~SE*14*0002~GE*1*20213~IEA*1*000010216~