ISA|00|          |00|          |ZZ|MADE UP CLEARING HOUSE         |ZZ|611358935      |130508|0641|U|00401|000003063|0|P|^~GS|HP|MADE UP CLEARING HOUSE|611358935|20130508|0641|3063|X|004010X091A1~ST|835|0001~BPR|I|20.61|C|CHK||||||||||||20120125~TRN|1|74122910359|1741612229|74161~REF|EV|14330~N1|PR|MADE UP HEALTH CENTER~N3|123 FAKE ST.~N4|SPRINGFIELD|CO|80209~REF|2U|80214~PER|CX||TE|9999999999~N1|PE|MADE UP LAB|XX|1386672277~REF|TJ|341491692~LX|1~CLP|S1114885|1|178|20.61||VA|DJE9060|81|1~CAS|PI|23|157.39~NM1|QC|1|DOE|JOHN|A|||34|012345678~PLB|341491692|20121231|L6^74122910359|0~SE|17|0001~GE|1|3063~IEA|1|000003063~
