ISA*00*          *00*          *ZZ*123456789012345*ZZ*123456789012346*080503*1705*>*00501*000010216*0*T*:~GS*HP*1234567890*1234567981*20080503*1705*20213*X*005010X221A1~ST*835*112233~BPR*I*945*C*ACH*CCP*01*888999777*DA*24681012*1935665544**01*111333555*DA*144444*20020316~TRN*1*71700666555*1935665544~DTM*405*20020314~N1*PR*RUSHMORE LIFE~N3*10 SOUTH AVENUE~N4*RAPID CITY*SD*55111~PER*BL*JOHN WAYNE*TE*8005551212*EX*123~N1*PE*ACME MEDICAL CENTER*XX*5544667733~REF*TJ*777667755~LX*1~CLP*5554555444*1*800*450*300*12*94060555410000~CAS*CO*A2*50~NM1*QC*1*BUDD*WILLIAM****MI*33344555510~SVC*HC:99211*800*500~DTM*150*20020301~DTM*151*20020304~CAS*PR*1*300~CLP*8765432112*1*1200*495*600*12*9407779923000~CAS*CO*A2*55~NM1*QC*1*SETTLE*SUSAN****MI*44455666610~SVC*HC:93555*1200*550~DTM*150*20020310~DTM*151*20020312~CAS*PR*1*600~CAS*CO*45*50~SE*27*112233~GE*1*20213~IEA*1*000010216~