ISA*00*          *00*          *ZZ*123456789012345*ZZ*123456789012346*080503*1705*>*00501*000010216*0*T*:~GS*HP*1234567890*1234567981*20080503*1705*20213*X*005010X221A1~ST*835*0001~BPR*I*1222*C*CHK************20050412~TRN*1*0012524965*1559123456~REF*EV*030240928~DTM*405*20050412~N1*PR*YOUR TAX DOLLARS AT WORK~N3*481A00 DEER RUN ROAD~N4*WEST PALM BCH*FL*11114~PER*BL*JOHN WAYNE*TE*8005551212*EX*123~N1*PE*ACME MEDICAL CENTER*FI*599944521~N3*PO BOX 863382~N4*ORLANDO*FL*55115~REF*PQ*10488~LX*1~CLP*L0004828311*2*10323.64*912**12*05090256390*11*1~CAS*OA*23*9411.64~NM1*QC*1*TOWNSEND*WILLIAM*P***MI*XXX123456789~NM1*82*2*ACME MEDICAL CENTER*****BD*987~DTM*232*20050303~DTM*233*20050304~AMT*AU*912~LX*2~CLP*0001000053*2*751.50*310*220*12*50630626430~NM1*QC*1*BAKI*ANGI****MI*456789123~NM1*82*2*SMITH JONES PA*****BS*34426~DTM*232*20050106~DTM*233*20050106~SVC*HC:12345:26*166.5*30**1~DTM*472*20050106~CAS*OA*23*136.50~REF*1B*43285~AMT*B6*150~SVC*HC:66543:26*585*280*220*1~DTM*472*20050106~CAS*PR*1*150**2*70~CAS*CO*42*85~REF*1B*43285~AMT*B6*500~SE*39*0001~GE*1*20213~IEA*1*000010216~