ISA*00*          *00*          *ZZ*123456789012345*ZZ*123456789012346*080503*1705*>*00501*000010216*0*T*:~GS*HP*1234567890*1234567981*20080503*1705*20213*X*005010X221A1~ST*835*0001~BPR*I*187.50*C*CHK************20050412~TRN*1*0012524879*1559123456~REF*EV*030240928~DTM*405*20050412~N1*PR*YOUR TAX DOLLARS AT WORK~N3*481A00 DEER RUN ROAD~N4*WEST PALM BCH*FL*11114~PER*BL*JOHN WAYNE*TE*8005551212*EX*123~N1*PE*ACME MEDICAL CENTER*FI*599944521~N3*PO BOX 863382~N4*ORLANDO*FL*55115~REF*PQ*10488~LX*1~CLP*0001000054*3*1766.5*187.50**12*50580155533~NM1*QC*1*ISLAND*ELLIS*E***MI*789123456~NM1*82*2*JONES JONES ASSOCIATES*****BS*AB34U~DTM*232*20050120~SVC*HC:24599*1766.5*187.50**1~DTM*472*20050120~CAS*OA*23*1579~REF*1B*44280~AMT*B6*1700~SE*24*0001~GE*1*20213~IEA*1*000010216~