101 021000018 3112345670302120140F094101BANK OF U.S.A.         JONES PLUMBING                X 
5220JONES PLUMBING                      1311234567CTXPAYINVOICE      030212   1021000010000012 
622021000021182389281        0000012001EP10019        0008SMITH FAUCETS       1021000010038729 

Here's the original example at http://www.epaynetwork.com/cms/documents/001762.pdf, except
we have replaced "ISA" with "---" to prevent the tokenizer from reading this chunk.

705---*00*          *00*          *30*311234567      *17*021000021      *030129*10100010038729 
7051*U*00401*000000001*0*P*~\GS*RA*311234567*021000021*20030129*1615*1*X*004010STP800020038729 
70520\ST*820*0001\BPR*C*120.01*C*ACH*CTX*****1311234567**01*021000021*DA*182389281*00030038729 
70520030129\TRN*1*EP10019\N1*PR*JONES PLUMBING*91*123456789012345\N1*PE*SMITH FAUCE00040038729 
705TS\ENT*1\RMR*IV*3920394930203**30.01*40.01*2\REF*R7*3920394930203*DISCOUNT OK D 00050038729 
705SMITHE\DTM*003*20030123\ADX*-8*01*TD*USED CATALOG 199JAN2003\RMR*IV*25422122250000060038729 
705**45*50.01*4\REF*PO*5722319*MARKETING DEPARTMENT ORDER\DTM*003*20030125\ADX*-1.000070038729 
7051*04\RMR*R7*21222500**45\SE*16*0001\GE*1*1\IEA*1*000000001\ 00080038729         00080038729 

Here we've removed the NACHA markers "705" and "000n0038729" at the start and end of each line
since these *would* interfere with the parser, since they occur *between* I(S/E)A segments.

ISA*00*          *00*          *30*311234567      *17*021000021      *030129*101
1*U*00401*000000001*0*P*~\GS*RA*311234567*021000021*20030129*1615*1*X*004010STP8
20\ST*820*0001\BPR*C*120.01*C*ACH*CTX*****1311234567**01*021000021*DA*182389281*
20030129\TRN*1*EP10019\N1*PR*JONES PLUMBING*91*123456789012345\N1*PE*SMITH FAUCE
TS\ENT*1\RMR*IV*3920394930203**30.01*40.01*2\REF*R7*3920394930203*DISCOUNT OK D 
SMITHE\DTM*003*20030123\ADX*-8*01*TD*USED CATALOG 199JAN2003\RMR*IV*254221222500
**45*50.01*4\REF*PO*5722319*MARKETING DEPARTMENT ORDER\DTM*003*20030125\ADX*-1.0
1*04\RMR*R7*21222500**45\SE*16*0001\GE*1*1\IEA*1*000000001\ 00080038729

822000000900021000020000000000000000000120011311234567                         021000010000012 
9000001000002000000090002100002000000000000000000012001                                      X 
9999999999999999999999999999999999999999999999999999999999999999999999999999999999999999999999 
9999999999999999999999999999999999999999999999999999999999999999999999999999999999999999999999 
9999999999999999999999999999999999999999999999999999999999999999999999999999999999999999999999 
9999999999999999999999999999999999999999999999999999999999999999999999999999999999999999999999 
9999999999999999999999999999999999999999999999999999999999999999999999999999999999999999999999 
9999999999999999999999999999999999999999999999999999999999999999999999999999999999999999999999 
9999999999999999999999999999999999999999999999999999999999999999999999999999999999999999999999 
