ISA*00*          *00*          *ZZ*123456789012345*ZZ*123456789012346*080503*1705*>*00501*000010216*0*T*:~GS*RA*1234567890*1234567890*20080503*1705*20213*X*005010X218~ST*820*0002*005010X218~BPR*U*20000*C*ACH*CCP*01*934257813*DA*1234587*1231555555**01*025677833*DA*99887766*20070620~TRN*3*12345*1231555555~REF*14*673001~REF*2F*0004369123~N1*PE*DEF HEALTHCARE CO*FI*998216353~N1*PR*ABC PLASTICS*FI*000057811~ENT*1*2J*34*190206123~NM1*EY*1*SMITH*JOHN****EI*123456~RMR*CT*190206123**7000~ENT*2*2J*34*163910163~NM1*EY*1*JONES*MARY****EI*793016~RMR*CT*163910163**10000*11000~ADX*-1000*52~ENT*3*2J*34*179203456~NM1*EY*1*JOHNSON*JOE****EI*934213~RMR*CT*179203456**3000*3100~ADX*-100*52~SE*19*0002~GE*1*20213~IEA*1*000010216~