ISA*00*          *00*          *ZZ*123456789012345*ZZ*123456789012346*130503*1705*>*00501*000010216*0*T*:~GS*RA*1234567890*9876543210*20130503*1705*20213*X*005010X306~ST*820*0001*005010X306~BPR*I*220*C*ACH*CCP*******01*199999999*DA*98765*20140604~TRN*3*78905~REF*38*123456~REF*TV*12565496~N1*PE*BATA INSURANCE CO.*FI*012222222~N1*RM*GOVERNMENT AGENCY*58*123ABC~ENT*1~NM1*IL*1*DOE*JOHN****C1*777222~REF*POL*1232456~REF*AZ*12565496~REF*0F*555666~RMR*ZZ*APTC**35~DTM*582****RD8*20120501-20140531~ENT*2~NM1*IL*1*FIRSTONE*EMILY****C1*777333~REF*POL*1232457~REF*AZ*12565497~REF*0F*555777~RMR*ZZ*APTC**35~DTM*582****RD8*20120501-20140531~ENT*3~NM1*IL*1*MIDDLEONE*JULIE****C1*777444~REF*POL*1232458~REF*AZ*12565498~REF*0F*544477~RMR*ZZ*APTC**-350~DTM*582****RD8*20140101-20140331~ENT*4~NM1*IL*1*NEWONE*KELLY****CI*777111~REF*POL*1232459~REF*AZ*12565499~RMR*ZZ*APTC**450~DTM*582****RD8*20140501-20140531~RMR*ZZ*CSR**50~DTM*582****RD8*20140501-20140531~SE*37*0001~GE*1*20213~IEA*1*000010216~
