ISA*00*          *00*          *ZZ*123456789012345*ZZ*123456789012346*131001*1705*>*00501*000010216*0*T*:~GS*RA*1234567890*1234567899*20131001*1705*20213*X*005010X306~ST*820*0001*005010X306~BPR*I*0*C*NON************20140210~TRN*3*123456789123385~N1*PE*NATIONAL EAST*FI*121231244~N1*RM*CMS*58*CMS~PER*IC*EXCHANGE OPERATIONS CENTER*EM*CMS_FEPS@cms.hhs.gov*TE*8002671515~ENT*1~NM1*IL*1*HOPE*AMY****C1*777339~REF*38*12345MD000011500~REF*POL*4599~REF*AZ*PLAN2~REF*0F*SUB1234~RMR*ZZ*APTC**100~DTM*582****RD8*20140201-20140228~RMR*ZZ*CSR**50~DTM*582****RD8*20140201-20140228~RMR*ZZ*UF**-35~DTM*582****RD8*20140201-20140228~RMR*ZZ*APTCADJ**-450~DTM*582****RD8*20140101-20140131~RMR*ZZ*APTCADJ**100~DTM*582****RD8*20140101-20140131~ENT*2~NM1*IL*1*RENEE*JENNIFER****C1*777335~REF*38*12346MD000011501~REF*POL*5674~REF*AZ*PLAN4~REF*0F*SUB2348~RMR*ZZ*APTC**100~DTM*582****RD8*20140201-20140228~RMR*ZZ*CSR**50~DTM*582****RD8*20140201-20140228~RMR*ZZ*UF**-40~DTM*582****RD8*20140201-20140228~ENT*3~RMR*ZZ*BAL**125~DTM*582****RD8*20140201-20140228~SE*38*0001~GE*1*20213~IEA*1*000010216~