ISA*00*          *00*          *ZZ*123456789012345*ZZ*123456789012346*131001*1705*>*00501*000010216*0*T*:~GS*RA*1234567890*1234567899*20131001*1705*20213*X*005010X306~ST*820*0001*005010X306~BPR*I*0*C*NON************20140110~TRN*3*123456789123457~N1*PE*USINS*FI*121231234~N1*RM*CMS*58*CMS~PER*IC*EXCHANGE OPERATIONS CENTER*EM*CMS_FEPS@cms.hhs.gov*TE*8002671515~ENT*1~NM1*IL*1*SMITH*JANE****C1*777222~REF*38*12346MD000011222~REF*1L*987654~REF*POL*4567~REF*AZ*PLAN1~REF*0F*SUB123~RMR*ZZ*UF**-25~DTM*582****RD8*20140101-20140131~ENT*2~NM1*IL*1*DOE*JOHN****C1*777223~REF*38*12346MD000011237~REF*1L*678910~REF*POL*5678~REF*AZ*PLAN2~REF*0F*SUB234~RMR*ZZ*UF**-15~DTM*582****RD8*20140101-20140131~ENT*3~RMR*ZZ*BAL**40~DTM*582****RD8*20140101-20140131~SE*28*0001~GE*1*20213~IEA*1*000010216~